<?xml version="1.0" encoding="UTF-8"?><collection xmlns="http://www.loc.gov/MARC21/slim"><record><leader>00376nam--2200145-i-4500</leader><controlfield tag="001">000012151</controlfield><controlfield tag="002">20161230</controlfield><controlfield tag="005">20170219004253</controlfield><controlfield tag="008">060222s1000------------r-----000-0-eng-d</controlfield><datafield ind1=" " ind2=" " tag="245"><subfield code="a">Centrale electrice. Probleme</subfield></datafield><datafield ind1=" " ind2=" " tag="260"><subfield code="a">Bucuresti</subfield><subfield code="b">Editura Didactica Si Pedagogica</subfield><subfield code="c">1977</subfield></datafield><datafield ind1=" " ind2=" " tag="300"><subfield code="a">469 p</subfield></datafield><datafield ind1=" " ind2=" " tag="700"><subfield code="a">Ionescu, Cezar</subfield></datafield><datafield ind1=" " ind2=" " tag="852"><subfield code="a">621.311.2</subfield></datafield><datafield ind1=" " ind2=" " tag="CAT"><subfield code="a">SYS</subfield><subfield code="c">20170219</subfield><subfield code="h">004253</subfield></datafield></record></collection>